@inproceedings{merkle1988digital,
  title={A digital signature based on a conventional encryption function},
  author={Merkle, Ralph C},
  booktitle={Advances in Cryptology-CRYPTO'87},
  pages={369--378},
  year={1988},
  organization={Springer}
}

@inproceedings{naor1990bit,
  title={Bit commitment using pseudo-randomness},
  author={Naor, Moni},
  booktitle={Advances in Cryptology—CRYPTO’89 Proceedings},
  pages={128--136},
  year={1990},
  organization={Springer}
}

@article{matsumoto1998mersenne,
  title={Mersenne twister: a 623-dimensionally equidistributed uniform pseudo-random number generator},
  author={Matsumoto, Makoto and Nishimura, Takuji},
  journal={ACM Transactions on Modeling and Computer Simulation (TOMACS)},
  volume={8},
  number={1},
  pages={3--30},
  year={1998},
  publisher={ACM}
}

@article{rivest1999unconditionally,
  title={Unconditionally secure commitment and oblivious transfer schemes using private channels and a trusted initializer},
  author={Rivest, Ronald},
  journal={Unpublished manuscript},
  year={1999},
  publisher={Citeseer}
}

@inproceedings{goodrich2001implementation,
  title={Implementation of an authenticated dictionary with skip lists and commutative hashing},
  author={Goodrich, Michael T and Tamassia, Roberto and Schwerin, Andrew},
  booktitle={DARPA Information Survivability Conference \&amp; Exposition II, 2001. DISCEX'01. Proceedings},
  volume={2},
  pages={68--82},
  year={2001},
  organization={IEEE}
}

@techreport{dingledine2004tor,
  title={Tor: The second-generation onion router},
  author={Dingledine, Roger and Mathewson, Nick and Syverson, Paul},
  year={2004},
  institution={DTIC Document}
}

@inproceedings{cachin2004secure,
  title={Secure distributed DNS},
  author={Cachin, Christian and Samar, Asad},
  booktitle={Dependable Systems and Networks, 2004 International Conference on},
  pages={423--432},
  year={2004},
  organization={IEEE}
}

@incollection{awerbuch2004group,
  title={Group spreading: A protocol for provably secure distributed name service},
  author={Awerbuch, Baruch and Scheideler, Christian},
  booktitle={Automata, Languages and Programming},
  pages={183--195},
  year={2004},
  publisher={Springer}
}


@techreport{stiegler2005petname,
  title={Petname systems},
  author={Stiegler, Marc},
  institution={Hewlett-Packard},
  year={2005},
  note="\url{http://www.hpl.hp.com/techreports/2005/HPL-2005-148.pdf}"
}

@incollection{bernstein2006curve25519,
  title={Curve25519: new Diffie-Hellman speed records},
  author={Bernstein, Daniel J},
  booktitle={Public Key Cryptography-PKC 2006},
  pages={207--228},
  year={2006},
  publisher={Springer}
}

@inproceedings{goldberg2006security,
  title={On the security of the tor authentication protocol},
  author={Goldberg, Ian},
  booktitle={Privacy Enhancing Technologies},
  pages={316--331},
  year={2006},
  organization={Springer}
}

@inproceedings{overlier2006locating,
  title={Locating hidden servers},
  author={Overlier, Lasse and Syverson, Paul},
  booktitle={Security and Privacy, 2006 IEEE Symposium on},
  pages={15--pp},
  year={2006},
  organization={IEEE}
}

@article{nakamoto2008bitcoin,
  title={Bitcoin: A peer-to-peer electronic cash system},
  author={Nakamoto, Satoshi},
  journal={Consulted},
  volume={1},
  number={2012},
  pages={28},
  year={2008}
}

@inproceedings{papamanthou2008authenticated,
  title={Authenticated hash tables},
  author={Papamanthou, Charalampos and Tamassia, Roberto and Triandopoulos, Nikos},
  booktitle={Proceedings of the 15th ACM conference on Computer and communications security},
  pages={437--448},
  year={2008},
  organization={ACM}
}

@misc{rfc5155,
  title={DNS Security (DNSSEC) Hashed Authenticated Denial of Existence},
  author={Internet Engineering Task Force},
  year={2008},
  howpublished="\url{https://tools.ietf.org/html/rfc5155}"
}

@article{edman2009anonymity,
  title={On anonymity in an electronic society: A survey of anonymous communication systems},
  author={Edman, Matthew and Yener, B{\"u}lent},
  journal={ACM Computing Surveys (CSUR)},
  volume={42},
  number={1},
  pages={5},
  year={2009},
  publisher={ACM}
}

@misc{bernstein2009dnscurve,
  title={DNSCurve: Usable security for DNS},
  author={Bernstein, Daniel J},
  year={2009},
  howpublished="\url{http://dnscurve.org/}"
}

@incollection{ferdous2009security,
  title={Security Usability of Petname Systems},
  author={Ferdous, Md Sadek and J{\o}sang, Audun and Singh, Kuldeep and Borgaonkar, Ravishankar},
  booktitle={Identity and Privacy in the Internet Age},
  pages={44--59},
  year={2009},
  publisher={Springer}
}

@mastersthesis{nicolussi2011human,
  type={Bachelor Thesis},
  title={Human-readable Names for Tor Hidden Services},
  author={Nicolussi, Simon},
  year={2011},
  school={Leopold–Franzens–Universitat Innsbruck, Institute for Computer Science},
  note="\url{http://www.sinic.name/docs/bachelor.pdf}"
}

@article{bernstein2012high,
  title={High-speed high-security signatures},
  author={Bernstein, Daniel J and Duif, Niels and Lange, Tanja and Schwabe, Peter and Yang, Bo-Yin},
  journal={Journal of Cryptographic Engineering},
  volume={2},
  number={2},
  pages={77--89},
  year={2012},
  publisher={Springer}
}

@techreport{percival2012scrypt,
  title={The scrypt Password-Based Key Derivation Function},
  author={Percival, Colin and Josefsson, Simon},
  month={September},
  year={2012},
  publisher={Internet Engineering Task Force},
  note="\url{https://tools.ietf.org/html/draft-josefsson-scrypt-kdf-00}"
}

@article{goldberg2013anonymity,
  title={Anonymity and one-way authentication in key exchange protocols},
  author={Goldberg, Ian and Stebila, Douglas and Ustaoglu, Berkant},
  journal={Designs, Codes and Cryptography},
  volume={67},
  number={2},
  pages={245--269},
  year={2013},
  publisher={Springer}
}

@techreport{thomasmeasuring,
	title={Measuring the Leakage of Onion at the Root},
  author={Thomas, Matthew and Mohaisen, Aziz},
  institution={Verisign Labs},
  year={2014}
}

@misc{SecurityAffairsLizardSquad,
  author={Pierluigi Paganini},
  title={Lizard Squad hits the Tor network},
  howpublished="\url{http://securityaffairs.co/wordpress/31521/cyber-crime/lizard-squad-hit-tor.html}",
  year={2014}
}

@inproceedings{miller2014know,
  title={I know why you went to the clinic: Risks and realization of https traffic analysis},
  author={Miller, Brad and Huang, Ling and Joseph, Anthony D and Tygar, J Doug},
  booktitle={Privacy Enhancing Technologies},
  pages={143--163},
  year={2014},
  organization={Springer}
}

@incollection{wachs2014censorship,
  title={A Censorship-Resistant, Privacy-Enhancing and Fully Decentralized Name System},
  author={Wachs, Matthias and Schanzenbach, Martin and Grothoff, Christian},
  booktitle={Cryptology and Network Security},
  pages={127--142},
  year={2014},
  publisher={Springer}
}

@inproceedings{eyal2015miner,
  title={The Miner's Dilemma},
  author={Eyal, Ittay},
  booktitle={Security and Privacy (SP), 2015 IEEE Symposium on},
  pages={89--103},
  year={2015},
  organization={IEEE}
}

@techreport{kadianakis2015extrapolating,
	title={Extrapolating network totals from hidden-service statistics},
  author={George Kadianakis and Karsten Loesing},
	institution={The Tor Project},
	pages={10},
  year={2015}
}

@article{scaife2015oniondns,
  title={{OnionDNS}: A Seizure-Resistant Top-Level Domain},
  author={Scaife, Nolen and Carter, Henry and Traynor, Patrick},
  journal={IEEE Conference on Communications and Network Security},
  year={2015}
}

@misc{TorMetrics,
  author={The Tor Project},
  title={Tor Metrics},
  howpublished="\url{https://metrics.torproject.org/}",
  year={2015}
}

@misc{NamecoinHome,
  author={Ryan Castellucci},
  title={Namecoin},
  year={2015},
  howpublished="\url{https://namecoin.info/}"
}

@misc{KatmagicShallot,
  author={katmagic},
  title={Shallot},
  howpublished="\url{https://github.com/katmagic/Shallot}",
  year={2012}
}

@misc{GouletCommitReveal,
  author={Goulet, David and Kadianakis, George},
  title={Random Number Generation During Tor Voting},
  howpublished="\url{https://gitweb.torproject.org/torspec.git/tree/proposals/250-commit-reveal-consensus.txt}",
  year={2015}
}

@article{winter2016identifying,
  title={Identifying and characterizing Sybils in the Tor network},
  author={Winter, Philipp and Ensafi, Roya and Loesing, Karsten and Feamster, Nick},
  journal={arXiv preprint arXiv:1602.07787},
  year={2016}
}

@misc{BotanLib,
  author={Botan Developers},
  title={Botan: Crypto and TLS for C++11},
  howpublished="\url{http://botan.randombit.net/}",
  year={2016}
}

@misc{microhttpd,
  author={GNU Project},
  title={Microhttpd},
  howpublished="\url{https://www.gnu.org/software/libmicrohttpd/}",
  year={2016}
}

@misc{JsonCppLib,
  author={Christopher Dunn},
  title={JsonCpp -- C++ library for interacting with JSON},
  howpublished="\url{https://github.com/open-source-parsers/jsoncpp}",
  year ={2016}
}

@misc{RicochetGithub,
  author={John Brooks},
  title={Anonymous peer-to-peer instant messaging},
  howpublished="\url{https://github.com/ricochet-im/ricochet}",
  year={2016}
}

@misc{CassandraDatabase,
  author={Apache Software Foundation},
  title={The Apache Cassandra Project},
  howpublished="\url{https://cassandra.apache.org/}",
  year={2015}
}

@misc{TorProp224,
  author={The Tor Project},
  title={Next-Generation Hidden Services in Tor},
  howpublished="\url{https://gitweb.torproject.org/torspec.git/tree/proposals/224-rend-spec-ng.txt}",
  year={2016}
}

@misc{BitcoinHashrate,
  author={Blockchain.info},
  title={Hashrate Distribution},
  howpublished="\url{https://blockchain.info/pools}",
  year={2016}
}

@misc{MiningHwGuide,
  author={Trace Mayer},
  title={Bitcoin Mining Hardware Guide},
  howpublished="\url{https://www.bitcoinmining.com/bitcoin-mining-hardware/}",
  year={2016}
}

@misc{BitInfoCharts,
  author={BitInfoCharts},
  title={Crypto-currencies statistics},
  howpublished="\url{https://bitinfocharts.com/}",
  year={2016}
}

@misc{OnionBalance,
  author={Donncha O' Cearbhaill},
  title={Onion Balance},
  howpublished="\url{https://github.com/DonnchaC/onionbalance}",
  year={2016}
}


@article{Wallenius,
	author={Wallenius, K. T.},
	title={Biased Sampling: The Non-central Hypergeometric Probability Distribution},
	journal = {Ph.D. Thesis, Stanford University, Department of Statistics.},
	year={1963}
} 

@article{BonneauCG15,
	author    = {Joseph Bonneau and
	Jeremy Clark and
	Steven Goldfeder},
	title     = {On Bitcoin as a public randomness source},
	journal   = {{IACR} Cryptology ePrint Archive},
	volume    = {2015},
	pages     = {1015},
	year      = {2015},
	url       = {http://eprint.iacr.org/2015/1015},
	timestamp = {Mon, 09 Nov 2015 12:16:04 +0100},
	biburl    = {http://dblp.uni-trier.de/rec/bib/journals/iacr/BonneauCG15},
	bibsource = {dblp computer science bibliography, http://dblp.org}
}
