@article{McCoy2008,
  title="Shining Light in Dark Places: Understanding the Tor Network",
  author={Damon McCoy and Kevin Bauer and Dirk Grunwald and Tadayoshi Kohno and Douglas Sicker},
  journal={Department of Computer Science and Engineering, University of Washington, Seattle, WA 98195-2969},
  year={2008}
}

@article{Xin2009,
  title={Design Improvement for Tor Against Low-Cost Traffic Attack and Low-Resource Routing Attack},
  author={Liu Xin and Wang Neng},
  journal={2009 International Conference on Communications and Mobile Computing},
  year={2009}
}

@article{Ling2012,
  title={Protocol-level attacks against Tor},
  author={Zhen Ling and Junzhou Luo and Wei Yu and Xinwen Fuc and Weijia Jia and Wei Zhao},
  journal={Computer Networks},
  year={2012}
}

@article{Okupski2014,
  title={Bitcoin Developer Reference},
  author={Krzysztof Okupski},
  year={2014},
  publisher={Technische Universiteit Eindhoven, The Netherlands}
}

