@article{McCoy2008,
	title="Shining Light in Dark Places: Understanding the Tor Network",
	author={Damon McCoy and Kevin Bauer and Dirk Grunwald and Tadayoshi Kohno and Douglas Sicker},
	journal={Department of Computer Science and Engineering, University of Washington, Seattle, WA 98195-2969},
	year={2008}
}

@article{Xin2009,
	title={Design Improvement for Tor Against Low-Cost Traffic Attack and Low-Resource Routing Attack},
	author={Liu Xin and Wang Neng},
	journal={2009 International Conference on Communications and Mobile Computing},
	year={2009}
}

@article{Ling2012,
	title={Protocol-level attacks against Tor},
	author={Zhen Ling and Junzhou Luo and Wei Yu and Xinwen Fuc and Weijia Jia and Wei Zhao},
	journal={Computer Networks},
	year={2012}
}

@article{Okupski2014,
	title={Bitcoin Developer Reference},
	author={Krzysztof Okupski},
	year={2014},
	publisher={Technische Universiteit Eindhoven, The Netherlands}
}

% http://persons.unik.no/josang/papers/FJSB2009-NordSec.pdf
@article{Ferdous2009,
	title={Security Usability of Petname Systems},
	author={Md Sadek Ferdous and Audun Jøsang and Kuldeep Singh and Ravi Borgaonkar},
	year={October 2009},
	publisher={Proceedings of the 14th Nordic Workshop on Secure IT systems (NordSec 2009)}
}

% http://www.hpl.hp.com/techreports/2005/HPL-2005-148.pdf
@article{Stiegler2005,
	title={Petname Systems},
	author={Marc Stiegler},
	year={2005},
	publisher={HP Laboratories Palo Alto, Mobile and Media Systems Laboratory}
}

% http://www.sinic.name/docs/bachelor.pdf
@article{NicolussiThesis2011,
	title={Human-readable Names for Tor Hidden Services},
	author={Simon Nicolussi},
	year={2011},
	publisher={Leopold–Franzens–Universitat Innsbruck, Institute for Computer Science}
}

% https://gnunet.org/sites/default/files/fps2013wachs.pdf
@article{Matthias2014,
	title={On the Feasibility of a Censorship Resistant Decentralized Name System},
	author={Matthias Wachs and Martin Schanzenbach and Christian Grothof},
	year={2014},
	publisher={Foundations and Practice of Security. Springer International Publishing}
}

% https://pdf.k0nsl.org/A_Censorship-Resistant_Privacy-Enhancing_Decentralized_Name_System.pdf
@article{Wachs,
	title={A Censorship-Resistant, Privacy-Enhancing and Fully Decentralized Name System},
	author={Matthias Wachs and Martin Schanzenbach and Christian Grothof}
}

% https://gitweb.torproject.org/torspec.git/blob/HEAD:/proposals/194-mnemonic-urls.txt
% NEEDS UPDATE
@article{TorProposal194,
	title={Mnemonic .onion URLs},
	author={Alex Fink Sai},
	year={2012}
}

% https://gitweb.torproject.org/torspec.git/blob/HEAD:/proposals/ideas/xxx-onion-nyms.txt
% NEEDS UPDATE
@article{TorOnionNym,
	title={.onion nym system},
	author={Arturo Filastò and Jacob Appelbaum},
	year={2011}
}


% https://web.archive.org/web/20120308153928/https://www.torproject.org/getinvolved/volunteer.html.en#tailsHiddenServicePetnames it's not there in the next snapshot, appeared March 8, 2012
