% todo: some of these authors have fancy chars, need to encode them properly

@inproceedings{mccoy2008shining,
  title={Shining light in dark places: Understanding the Tor network},
  author={McCoy, Damon and Bauer, Kevin and Grunwald, Dirk and Kohno, Tadayoshi and Sicker, Douglas},
  booktitle={Privacy Enhancing Technologies},
  pages={63--76},
  year={2008},
  organization={Springer}
}

@inproceedings{xin2009design,
  title={Design Improvement for Tor against Low-Cost Traffic Attack and Low-Resource Routing Attack},
  author={Xin, Liu and Neng, Wang},
  booktitle={Communications and Mobile Computing, 2009. CMC'09. WRI International Conference on},
  volume={3},
  pages={549--554},
  year={2009},
  organization={IEEE}
}

@article{ling2013protocol,
  title={Protocol-level attacks against Tor},
  author={Ling, Zhen and Luo, Junzhou and Yu, Wei and Fu, Xinwen and Jia, Weijia and Zhao, Wei},
  journal={Computer Networks},
  volume={57},
  number={4},
  pages={869--886},
  year={2013},
  publisher={Elsevier}
}

@article{goldberg2013anonymity,
  title={Anonymity and one-way authentication in key exchange protocols},
  author={Goldberg, Ian and Stebila, Douglas and Ustaoglu, Berkant},
  journal={Designs, Codes and Cryptography},
  volume={67},
  number={2},
  pages={245--269},
  year={2013},
  publisher={Springer}
}

@incollection{bernstein2006curve25519,
  title={Curve25519: new Diffie-Hellman speed records},
  author={Bernstein, Daniel J},
  booktitle={Public Key Cryptography-PKC 2006},
  pages={207--228},
  year={2006},
  publisher={Springer}
}

@inproceedings{goldberg2006security,
  title={On the security of the tor authentication protocol},
  author={Goldberg, Ian},
  booktitle={Privacy Enhancing Technologies},
  pages={316--331},
  year={2006},
  organization={Springer}
}

@inproceedings{overlier2006locating,
  title={Locating hidden servers},
  author={Overlier, Lasse and Syverson, Paul},
  booktitle={IEEE Symposium on Security and Privacy},
  pages={15--18},
  year={2006},
  organization={IEEE}
}

@inproceedings{bauer2007low,
  title={Low-resource routing attacks against tor},
  author={Bauer, Kevin and McCoy, Damon and Grunwald, Dirk and Kohno, Tadayoshi and Sicker, Douglas},
  booktitle={Proceedings, 2007 ACM Workshop on Privacy in Electronic Society},
  pages={11--20},
  year={2007},
  organization={ACM}
}

% http://www.enetium.com/resources/Bitcoin.pdf
@article{Okupski2014,
  title={Bitcoin Developer Reference},
  author={Krzysztof Okupski},
  year={2014},
  publisher={Technische Universiteit Eindhoven, The Netherlands}
}

% http://persons.unik.no/josang/papers/FJSB2009-NordSec.pdf
@incollection{ferdous2009security,
  title={Security Usability of Petname Systems},
  author={Ferdous, Md Sadek and J{\o}sang, Audun and Singh, Kuldeep and Borgaonkar, Ravishankar},
  booktitle={Identity and Privacy in the Internet Age},
  pages={44--59},
  year={2009},
  publisher={Springer}
}

% http://www.hpl.hp.com/techreports/2005/HPL-2005-148.pdf
@article{stiegler2005petname,
  title={Petname systems},
  author={Stiegler, Marc},
  journal={HP Laboratories, Mobile and Media Systems Laboratory, Palo Alto, Tech. Rep. HPL-2005-148},
  year={2005}
}

% http://www.sinic.name/docs/bachelor.pdf
@article{nicolussi2011human,
  title={Human-readable Names for Tor Hidden Services},
  author={Nicolussi, Simon},
  year={2011},
  journal={Leopold-Franzens-Universitat Innsbruck, Institute for Computer Science}
}

% https://gnunet.org/sites/default/files/fps2013wachs.pdf
@incollection{wachs2014feasibility,
  title={On the feasibility of a censorship resistant decentralized name system},
  author={Wachs, Matthias and Schanzenbach, Martin and Grothoff, Christian},
  booktitle={Foundations and Practice of Security},
  pages={19--30},
  year={2014},
  publisher={Springer}
}

% https://pdf.k0nsl.org/A_Censorship-Resistant_Privacy-Enhancing_Decentralized_Name_System.pdf
@incollection{wachs2014censorship,
  title={A Censorship-Resistant, Privacy-Enhancing and Fully Decentralized Name System},
  author={Wachs, Matthias and Schanzenbach, Martin and Grothoff, Christian},
  booktitle={Cryptology and Network Security},
  pages={127--142},
  year={2014},
  publisher={Springer}
}

@article{nakamoto2008bitcoin,
  title={Bitcoin: A peer-to-peer electronic cash system},
  author={Nakamoto, Satoshi},
  journal={Consulted},
  volume={1},
  number={2012},
  pages={28},
  year={2008}
}

% https://gitweb.torproject.org/torspec.git/tree/proposals/194-mnemonic-urls.txt
@misc{TorProposal194,
  author = "Alex Fink Sai",
  title = "Mnemonic .onion URLs",
  year = "2012",
  howpublished = "\url{https://gitweb.torproject.org/torspec.git/tree/proposals/194-mnemonic-urls.txt}",
  note = "accessed 20-March-2015"
}

% https://gitweb.torproject.org/torspec.git/tree/proposals/ideas/xxx-onion-nyms.txt
@misc{TorOnionNym,
  author = "Arturo Filast√≤ and Jacob Appelbaum",
  title = ".onion nym system",
  year = "2011",
  howpublished = "\url{https://gitweb.torproject.org/torspec.git/tree/proposals/ideas/xxx-onion-nyms.txt}",
  note = "accessed 20-March-2015"
}

% http://www.bloomberg.com/bw/articles/2014-01-23/tor-anonymity-software-vs-dot-the-national-security-agency
@article{TorBusinessWeek,
  title={The Inside Story of Tor, the Best Internet Anonymity Tool the Government Ever Built},
  author={Dune Lawrence},
  journal={Bloomberg BusinessWeek},
  year={2014},
  month={January}
}

% http://www.theguardian.com/world/interactive/2013/oct/04/tor-high-secure-internet-anonymity
@article{landau2014highlights,
  title={Highlights from Making Sense of Snowden, Part II: What's Significant in the NSA Revelations},
  author={Landau, Susan},
  journal={Security \& Privacy, IEEE},
  volume={12},
  number={1},
  pages={62--64},
  year={2014},
  publisher={IEEE}
}

@phdthesis{plak2014anonymous,
  title={Anonymous Internet: Anonymizing peer-to-peer traffic using applied cryptography},
  author={Plak, RS},
  year={2014},
  school={TU Delft, Delft University of Technology}
}

% https://github.com/katmagic/Shallot
@misc{KatmagicShallot,
  author = {katmagic},
  title = {Shallot},
  howpublished = "\url{https://github.com/katmagic/Shallot}",
  year = {2012},
  note = "accessed 4-Feb-2015"
}

% https://metrics.torproject.org/
@misc{TorMetrics,
  author = {The Tor Project},
  title = {Tor Metrics},
  howpublished = "\url{https://metrics.torproject.org/}",
  year = {2015},
  note = "accessed 4-Feb-2015"
}

@misc{TorCollector,
  author = {The Tor Project},
  title = {CollecTor},
  howpublished = "\url{https://collector.torproject.org/}",
  year = {2015},
  note = "accessed 16-Apr-2015"
}

@misc{TorDirSpec,
  author = {The Tor Project},
  title = {Tor directory protocol, version 3},
  howpublished = "\url{https://gitweb.torproject.org/torspec.git/tree/dir-spec.txt}",
  year = {2015},
  note = "accessed 16-Apr-2015"
}

% https://gitweb.torproject.org/torspec.git/tree/proposals/224-rend-spec-ng.txt
@misc{Proposal224,
  author = {Nick Mathewson},
  title = {Next-Generation Hidden Services in Tor},
  howpublished = "\url{https://gitweb.torproject.org/torspec.git/tree/proposals/224-rend-spec-ng.txt}",
  year = {2013},
  note = "accessed 4-Feb-2015"
}

% https://www.icann.org/en/system/files/files/report-21feb14-en.pdf
@misc{NamecoinReportICANN,
  author = {The Internet Corporation for Assigned Names and Numbers},
  title = {Identifier Technology Innovation Panel - Draft Report},
  howpublished = "\url{https://www.icann.org/en/system/files/files/report-21feb14-en.pdf}",
  year = {2014},
  note = "accessed 4-Feb-2015"
}

% https://bitinfocharts.com/
@misc{BitInfoCharts,
  author = {bitinfocharts.com},
  title = {Crypto-currencies statistics},
  howpublished = "\url{https://bitinfocharts.com/}",
  year = {2015},
  note = "accessed 17-April-2015"
}

@inproceedings{miller2014know,
  title={I know why you went to the clinic: Risks and realization of https traffic analysis},
  author={Miller, Brad and Huang, Ling and Joseph, Anthony D and Tygar, J Doug},
  booktitle={Privacy Enhancing Technologies},
  pages={143--163},
  year={2014},
  organization={Springer}
}

@article{thomasmeasuring,
  title={Measuring the Leakage of Onion at the Root},
  author={Thomas, Matthew and Mohaisen, Aziz},
  journal={Proc. of the 12th Workshop on Privacy in the Electronic Society},
  year={2014}
}

@article{percival2009stronger,
  title={Stronger key derivation via sequential memory-hard functions},
  author={Percival, Colin},
  journal={Self-published},
  pages={1--16},
  year={2009}
}

@inproceedings{li2012converting,
  title={Converting meet-in-the-middle preimage attack into pseudo collision attack: Application to SHA-2},
  author={Li, Ji and Isobe, Takanori and Shibutani, Kyoji},
  booktitle={Fast Software Encryption},
  pages={264--286},
  year={2012},
  organization={Springer}
}

% https://web.archive.org/web/20120308153928/https://www.torproject.org/getinvolved/volunteer.html.en#tailsHiddenServicePetnames it's not there in the next snapshot, appeared March 8, 2012

@article{reed1998anonymous,
  title={Anonymous connections and onion routing},
  author={Reed, Michael G and Syverson, Paul F and Goldschlag, David M},
  journal={IEEE Journal on Selected Areas in Communications},
  volume={16},
  number={4},
  pages={482--494},
  year={1998},
  publisher={IEEE}
}

@inproceedings{syverson1997anonymous,
  title={Anonymous connections and onion routing},
  author={Syverson, Paul F and Goldschlag, David M and Reed, Michael G},
  booktitle={Proceedings, IEEE Symposium on Security and Privacy},
  pages={44--54},
  year={1997},
  organization={IEEE}
}

@incollection{chaum2003untraceable,
  title={Untraceable electronic mail, return addresses and digital pseudonyms},
  author={Chaum, David},
  booktitle={Secure electronic voting},
  pages={211--219},
  year={2003},
  publisher={Springer}
}

@article{edman2009anonymity,
  title={On anonymity in an electronic society: A survey of anonymous communication systems},
  author={Edman, Matthew and Yener, B{\"u}lent},
  journal={ACM Computing Surveys (CSUR)},
  volume={42},
  number={1},
  pages={5},
  year={2009},
  publisher={ACM}
}

@article{kadianakis2015extrapolating,
  title={Extrapolating network totals from hidden-service statistics},
  author={George Kadianakis and Karsten Loesing},
  journal={Tor Technical Report},
  pages={10},
  year={2015},
  publisher={The Tor Project}
}

@inproceedings{syverson2011peel,
  title={A peel of onion},
  author={Syverson, Paul},
  booktitle={Proc. of the 27th Annual Computer Security Applications Conf},
  pages={123--137},
  year={2011},
  organization={ACM}
}

@techreport{dingledine2004tor,
  title={Tor: The second-generation onion router},
  author={Dingledine, Roger and Mathewson, Nick and Syverson, Paul},
  year={2004},
  institution={DTIC Document}
}

@techreport{kadianakis2015pxtrapolating,
  author = {George Kadianakis and Karsten Loesing},
  title = {Extrapolating network totals from hidden-service statistics},
  institution = {The Tor Project},
  number = {2015-01-001},
  year = {2015},
  month = {January},
  url = {https://research.torproject.org/techreports/extrapolating-hidserv-stats-2015-01-31.pdf}
}

@article{matsumoto1998mersenne,
  title={Mersenne twister: a 623-dimensionally equidistributed uniform pseudo-random number generator},
  author={Matsumoto, Makoto and Nishimura, Takuji},
  journal={ACM Transactions on Modeling and Computer Simulation (TOMACS)},
  volume={8},
  number={1},
  pages={3--30},
  year={1998},
  publisher={ACM}
}

@incollection{awerbuch2004group,
  title={Group spreading: A protocol for provably secure distributed name service},
  author={Awerbuch, Baruch and Scheideler, Christian},
  booktitle={Automata, Languages and Programming},
  pages={183--195},
  year={2004},
  publisher={Springer}
}

@inproceedings{cachin2004secure,
  title={Secure distributed DNS},
  author={Cachin, Christian and Samar, Asad},
  booktitle={International Conference on Dependable Systems and Networks},
  pages={423--432},
  year={2004},
  organization={IEEE}
}

@article{percival2012scrypt,
  title={The scrypt Password-Based Key Derivation Function},
  author={Percival, Colin and Josefsson, Simon},
  year={2012},
  journal={Internet Engineering Task Force}
}

@incollection{bernstein2011high,
  title={High-speed high-security signatures},
  author={Bernstein, Daniel J and Duif, Niels and Lange, Tanja and Schwabe, Peter and Yang, Bo-Yin},
  booktitle={Cryptographic Hardware and Embedded Systems--CHES 2011},
  pages={124--142},
  year={2011},
  publisher={Springer}
}

@article{melin2014namecoin,
  title={Namecoin as authentication for public-key cryptography},
  author={Melin, Tomas and Vidhall, Tomas},
  year={2014}
}

@misc{bernstein2009dnscurve,
  title={DNSCurve: Usable security for DNS},
  howpublished = "\url{http://dnscurve.org/}",
  author={Bernstein, Daniel J},
  year={2009},
  note = "accessed 17-April-2015"
}

  
